@book{Bellman1997,
	Author = {Bellman,Richard.},
	Publisher = {{SIAM, Society for Industrial and Applied Mathematics}},
	Title = {{Introduction to matrix analysis, 2e.}},
	Year = {1997},
	}

@book{Chan2007,
	Author = {Chan, Raymond H., and Greif, Chen, and O'Leary, Diane P.},
	Publisher = {{Oxford University Press}},
	Title = {{Milestones in matrix computation: Selected works of Gene H. Golub, with commentaries.}},
	Year = {2007},
	}

@book{Demmel1997,
	Author = {Demmel, James W.},
	Publisher = {{SIAM, Society for Industrial and Applied Mathematics}},
	Title = {{Applied numerical linear algebra.}},
	Year = {1997},
	}

@book{Golub1996,
	Author = {Golub, Gene H. and Van Loan, Charles},
	Publisher = {{Johns Hopkins University Press}},
	Title = {{Matrix Computations, 3e.}},
	Year = {1996}
	}

@book{Higham2008,
	Author = {Higham, Nicholas J.},
	Publisher = {{SIAM, Society for Industrial and Applied Mathematics}},
	Title = {{Functions of Matrices: Theory and Computation.}},
	Year = {2008}
	}

@book{Horn1990,
	Author = {Horn, Roger A., and Johnson, Charles R.},
	Publisher = {{Cambridge University Press}},
	Title = {{Matrix analysis.}},
	Year = {1990}
	}

@book{Horn1991,
	Author = {Horn, Roger A., and Johnson, Charles R.},
	Publisher = {{Cambridge University Press}},
	Title = {{Topics in Matrix analysis.}},
	Year = {1991}
	}

@book{Laub2005,
	Author = {Laub, Alan J.},
	Publisher = {{SIAM, Society for Industrial and Applied Mathematics}},
	Title = {{Matrix analysis for scientists and engineers.}},
	Year = {2005},
	}

@book{LeVeque2007,
	Author = {LeVeque, Randall J.},
	Publisher = {{SIAM, Society for Industrial and Applied Mathematics}},
	Title = {{Finite difference methods for ordinary and partial differential equations. Steady-state and time-dependent problems.}},
	Year = {2007},
	}

@book{Meyer2000,
	Author = {Meyer, Carl D.},
	Publisher = {{SIAM, Society for Industrial and Applied Mathematics}},
	Title = {{Matrix analysis and applied linear algebra.}},
	Year = {2000}
	}

@book{Moler2004,
	Author = {Moler, Cleve.},
	Publisher = {{SIAM, Society for Industrial and Applied Mathematics}},
	Title = {{Numerical Conputing with MATLAB.}},
	Year = {2004}
	}

@book{Strang2005,
	Author = {Gilbert Strang},
	Publisher = {{SIAM, Society for Industrial and Applied Mathematics}},
	Title = {Linear Algebra and Its Applications},
	Year = {2005}}

@book{Trefethen2000,
	Author = {Trefethen, Lloyd N. and Bau, David},
	Publisher = {{SIAM, Society for Industrial and Applied Mathematics}},
	Title = {{Numerical linear algebra.}},
	Year = {2000}
	}
